@online{go-spec,
	author       = {{Go Programming Language Team}},
	title        = {The Go Programming Language Specification},
	url          = {https://go.dev/ref/spec},
	urldate      = {2024-11-28},
}
